2811 4785
351 295 664 456 J·„1oo
849 319 856 340 ’
1163 337 1982 434 naar-samon

533 519 584 590 ἄ
625 536 698 592 σε
724 521 959 590 πείθει.
1001 510 1213 608 ’ἡδέως
1257 517 1346 588 ἄν
1391 512 1523 590 οὖν
1553 517 1932 608 ἀκούσαιμι.
2024 517 2219 590 Ἀλλά
2260 518 2523 609 μέντοι,
2574 513 2637 590 ὦ

536 627 824 712 Σιμμία,
869 618 992 708 οὐχ
1020 619 1064 709 ἦ
1098 620 1410 690 Γλαύκου
1441 621 1633 712 τέχνη
1658 623 1731 711 γέ
1758 649 1876 711 μοι
1906 627 2093 693 δοκεῖ
2118 619 2288 691 εἰναι
2314 621 2637 714 διηγήσα-

541 728 705 795 σθαι
739 723 784 794 ἄ
807 721 873 813 γ’
906 723 1113 794 ἐστίν·
1155 721 1248 804 οἷς
1273 724 1499 813 μέντοι
1527 725 1779 816 άληθῆ,
1819 721 2271 815 χαλεπώτερόν
2299 751 2429 813 μοι,
2459 730 2639 813 φαί-

533 853 718 898 νεται
753 825 802 917 ἢ
836 825 1004 898 κατά
1031 825 1159 916 τήν
1197 821 1515 897 Γλαύκου
1544 828 1793 918 τέχνην.
1836 828 1951 897 καὶ
1989 825 2123 915 ἄμα
2137 826 2274 913 ξμὲν
2308 825 2437 916 ἐγὼ
2465 831 2657 922 ἴσως,

549 927 703 1002 οὐδ’
749 928 837 1000 ἂν
867 927 1009 1010 οἶός
1043 953 1114 998 τε
1152 929 1324 1018 εἴην,
1370 925 1503 1018 ἄμα
1549 921 1655 1013 δὲ’,
1702 933 1759 1000 εἰ
1792 931 1907 1000 καὶ
1937 927 2344 1018 ἠπιστάμην,
2398 927 2439 998 6
2484 933 2641 1020 βίος

551 1035 667 1123 μοι
713 1037 898 1103 δοκεῖ
935 1027 974 1102 ὁ
1027 1029 1216 1120 έμὸς,
1262 1023 1316 1102 ὦ
1361 1035 1796 1125 Σιμμία,τῷ
1843 1033 2037 1162 μήκει
2080 1039 2205 1101 τοῦ
2251 1029 2461 1118 λόγον
2503 1029 2641 1130 οὐκ

454 1138 514 1207 Ε
550 1134 860 1222 ἐξαρκεῖν.
904 1159 1030 1262 την
1055 1132 1283 1223 μέντοι
1321 1133 1507 1204 ἰδέαν
1535 1142 1654 1223 τῆς
1690 1141 1842 1225 γῆς,
1888 1139 2040 1206 οἵαν
2073 1133 2409 1221 πέπυσμαι
2437 1131 2637 1216 εἶναι,

547 1225 664 1311 καὶ
703 1237 886 1338 τούς
902 1235 1152 1320 τόπους
1196 1234 1433 1326 αὐτῆς.
1494 1234 1695 1307 ουδέν
1732 1265 1813 1326 με
1851 1236 2090 1309 κωλυει
2124 1236 2353 1325 λέγειν.
2434 1233 2639 1319 Ἀλλ’,

437 1319 677 1432 ἔφη
712 1338 751 1411 6
797 1344 1126 1429 Σιμμίας,
1182 1341 1298 1409 καὶ
1337 1345 1549 1409 ταῦτα
1592 1338 1793 1429 άρκεῖ.
1886 1339 2248 1429 Πέπεισμαι
2280 1342 2551 1422 τοίνυν,
2594 1327 2640 1428 ἦ

551 1443 624 1515 δ’
657 1441 765 1527 ὃς,
807 1442 992 1532 έγω,
1018 1440 1136 1525 ως
1149 1449 1419 1533 πρῶτον
1462 1443 1618 1530 μέν,
1662 1447 1719 1514 εἰ
1758 1445 1934 1514 ἔστιν
1961 1443 2036 1513 έν
2072 1433 2267 1534 μέσῳ
2289 1449 2387 1533 τῷ
2434 1442 2640 1530 οὐρα-

550 1551 655 1641 νῷ
679 1548 1040 1637 περιφερής
1067 1538 1272 1630 οὖσα,
1314 1545 1525 1636 μηδὲν
1563 1543 1735 1638 αὐτῇ
1776 1551 1915 1618 δεῖν
1943 1545 2102 1634 μήτε
2131 1543 2328 1631 άέρος
2351 1544 2524 1633 πρὸς
2557 1545 2638 1617 τὰ

425 1647 651 1741 169μῆ
680 1658 934 1735 πεσεῖν,
975 1645 1138 1739 μήτε
1171 1645 1369 1776 ἄλλης
1396 1646 1689 1738 ἀνάγκης
1725 1652 2045 1738 μηδεμιᾶς
2079 1647 2425 1737 τοιαύτης·
2460 1647 2641 1718 άλλά

559 1754 797 1883 ἱκανήν
832 1777 909 1842 γε
957 1750 1128 1844 εἶναι
1154 1745 1367 1840 αυτην
1393 1753 1603 1838 ἴσχειν
1637 1750 1760 1839 τὴν
1796 1748 2153 1841 ὁμοιότητα
2179 1758 2302 1822 τοῦ
2336 1748 2642 1839 ουρανοῦ

560 1855 774 1928 αὐτοῦ
816 1852 1030 1949 έαυτῳ
1072 1852 1322 1942 πάντη,
1364 1855 1481 1921 καὶ
1509 1858 1625 1940 τῆς
1661 1861 1783 1941 γῆς
1822 1852 2027 1941 αὐτῆς
2061 1879 2187 1940 την
2225 1857 2637 1946 ἰσορροπίαν.

561 1956 928 2050 ἰσόρροπον
962 1957 1089 2046 γάρ
1114 1963 1423 2046 πρᾶγμα,
1468 1951 1708 2042 ὁμοίου
1738 1955 1920 2037 τινὸς
1942 1957 2015 2026 έν
2042 1955 2230 2048 μέσῳ
2241 1955 2472 2039 τεθεν,
2516 1983 2641 2044 ουχ

562 2053 688 2144 ἔξει
702 2056 1113 2148 μᾶλλονουδ’
1131 2053 1336 2149 ἦττον
1358 2054 1692 2145 οὐδαμόσε
1717 2065 2063 2149 κλιθῆναι·
2110 2057 2357 2146 ὁμοίως
2384 2057 2447 2128 δ’
2468 2061 2639 2147 ἔχον,

458 2169 545 2243 84
570 2161 826 2245 άκλινες
870 2161 1068 2251 μένει.
1134 2185 1409 2248 πρωτον
1446 2185 1607 2247 μεν,
1662 2152 1708 2249 ἦ
1748 2159 1823 2232 .’δ
1867 2161 1973 2247 ὅς,
2028 2167 2227 2231 τοῦτο
2271 2161 2635 2248 πέπεισμαι.

489 2257 496 2266 ’
568 2266 708 2336 Καὶ
737 2259 975 2353 ,όρθως
1015 2263 1122 2354 γ’,
1165 2260 1363 2360 ἔφη’
1325 2291 1362 2333 ο
1396 2267 1703 2352 Σιμμίας.
1770 2262 1918 2334 Ἔτι
1951 2291 2026 2334 το
2032 2267 2217 2349 ί,νυν
2260 2265 2428 2353 ἔφη,
2473 2262 2638 2351 πάμ-

569 2365 734 2460 μεγά
761 2394 828 2437 τι
857 2363 1027 2438 εἶναι
1054 2363 1246 2438 αυτό·
1290 2365 1474 2437 καὶ”
1431 2376 1603 2457 ημᾶς
1630 2371 1838 2439 οἰκεῖν
1872 2391 2034 2447 τους
2072 2359 2292 2455 μέχρις
2312 2358 2639 2454 Ἡρακλεί-

484 2478 545 2546 Β
577 2494 674 2541 ων
720 2476 976 2559 στηλῶν
1021 2468 1151 2540 άπὸ
1199 2469 1492 2552 Φάσιδος
1537 2471 1613 2541 έν
1652 2478 1907 2561 σμικρῳ
1946 2471 2080 2538 τινὶ
2120 2473 2395 2558 μὀρίῳ,
2423 2469 2637 2559 ωσπερ

568 2574 720 2664 πἐρί
745 2573 945 2661 τέλμα
968 2572 1315 2661 μύρμηκας
1348 2572 1393 2661 ἢ
1420 2572 1812 2663 βατράχους,
1854 2576 2003 2660 περὶ
2029 2599 2153 2661 την
2179 2572 2517 2642 θάλατταν
2550 2577 2637 2642 οἰ·

568 2684 889 2757 κοῦντας·
930 2674 1046 2745 καὶ
1075 2674 1311 2756 ἄλλους
1339 2675 1578 2746 ἄλλοθι
1599 2675 1887 2756 πολλους
1917 2677 1990 2746 έν
2018 2682 2285 2757 πολλοῖς
2314 2674 2642 2778 τοιούτοις

569 2774 802 2861 τόποις
827 2782 1053 2848 οἰκεῖν.
1101 2773 1273 2851 εἶναι,
1289 2778 1417 2867 γάρ
1456 2786 1755 2867 πανταχῆ
1770 2780 1933 2867 περὶ
1964 2804 2089 2868 την
2117 2785 2247 2868 γῆν
2269 2770 2480 2851 πολλοὶ
2510 2788 2637 2848 κοῖ-
2712 2822 2715 2827 -

569 2889 687 2965 λα,
739 2883 855 2953 καὶ
899 2880 1289 2951 παντοδαπά
1329 2883 1444 2952 καὶ
1488 2880 1606 2963 τάς
1646 2882 1823 2964 ἰδέας
1858 2883 1973 2951 καὶ
2010 2880 2093 2951 τά
2131 2881 2410 3008 μεγέθη·
2472 2880 2639 2962 εἰς“
2598 2909 2639 2950 α

479 2981 1090 3079 ξυνερρυηκέναι
1115 2982 1193 3053 τό
1215 3009 1288 3057 ,τε
1308 2984 1495 3073 υδωρ
1524 2986 1637 3054 καὶ
1663 2986 1789 3075 τήν
1816 2982 2108 3074 ὀμίχλην,
2152 2987 2266 3075 καὶ
2295 2984 2416 3055 τόν
2451 2982 2637 3073 άέρα·

577 3084 788 3176 αὐτην
822 3080 893 3156 δε
921 3082 1046 3174 τήν
1076 3092 1236 3174 γῆν,
1277 3084 1591 3174 καθαράν
1628 3086 1703 3157 έν
1729 3094 2010 3183 καθαρῷ
2034 3094 2295 3158 κεῖσθαι
2323 3113 2416 3180 τῳ
2448 3085 2636 3174 οὐρα-

373 3190 380 3200 ’
482 3194 540 3264 C
581 3215 718 3282 νῳ,
760 3186 834 3258 έν
861 3180 1037 3284 ῳπέρ
1071 3188 1207 3257 ἐστι
1248 3188 1330 3258 τά
1364 3188 1606 3276 ἄστρα,
1652 3188 1693 3257 6
1725 3189 1807 3278 δη
1837 3190 2075 3276 αἰθέρα
2105 3187 2454 3278 ὀνομάζειν
2488 3217 2639 3271 τους

429 3296 438 3314 ’
570 3289 860 3370 πολλους
882 3295 1021 3381 τῶν
1041 3290 1188 3377 περὶ
1213 3287 1296 3358 τά
1318 3298 1595 3361 τοιαῦτα
1627 3290 1965 3372 εἰωθότων
1988 3286 2348 3381 λέγειν.οὖ
2378 3293 2457 3382 δή
2486 3292 2634 3363 ὑπο-

574 3391 878 3481 στάθμην
905 3396 1117 3461 ταῦτα
1141 3388 1328 3473 εἶναι,
1353 3396 1469 3464 καὶ
1501 3396 1764 3483 ξυρῤεῖν
1790 3392 1893 3465 άεὶ
1920 3397 2011 3475 εἰς
2035 3395 2117 3463 τά
2140 3404 2333 3465 κοῖλα
2360 3404 2475 3485 τῆς
2503 3404 2631 3485 γῆς

572 3493 749 3586 ἦμᾶς
772 3486 898 3565 ουν
923 3500 1274 3577 οἰκοῦντας
1307 3496 1382 3595 ἐν
1419 3504 1559 3578 τοῖς
1595 3501 1845 3579 κοίλοις
1881 3496 2085 3603 αὐτῆς
2114 3488 2493 3587 λεληθέναι,
2530 3502 2637 3568 καὶ

578 3595 916 3672 eleanan*
869 3604 1034 3667 ανω
1057 3597 1164 3668 ἐπὶ
1193 3606 1310 3689 τῆς
1351 3607 1475 3689 γῆς
1515 3604 1741 3671 οἰκεῖν.
1786 3601 2005 3689 ωσπερ
2033 3628 2117 3670 αν
2144 3604 2209 3673 εἴ
2242 3628 2341 3707 τις
2371 3602 2443 3671 έν
2470 3602 2630 3697 μέσῳ

325 1303 334 1356 ἱ

576 3726 670 3805 τῳ
642 3678 983 3796 ’πυθμένι
1009 3704 1131 3770 τὸὕ
1163 3698 1487 3790 πελάγους
1518 3707 1754 3785 οἰκῶν,
1794 3696 2029 3774 οἴοιτό
2032 3730 2101 3773 τε
2130 3703 2239 3773 ἐπὶ
2261 3700 2378 3792 τῆς
2404 3702 2629 3774 θαλάτ-

575 3829 694 3892 της
721 3806 976 3898 οἰκεῖν,
999 3803 1114 3871 καὶ
1139 3802 1252 3873 διά
1289 3831 1412 3874 του
1440 3804 1756 3887 ὕδατος’
1718 3814 1899 3892 ορῶν
1927 3805 2048 3875 τόν
2076 3805 2269 3895 ηλιον
2291 3808 2403 3876 καὶ
2424 3804 2503 3876 τά
2532 3805 2626 3875 ἄλ-

574 3902 663 3998 λα
690 3892 918 3994 ἄστρα,
944 3906 1068 3995 τὴν
1087 3906 1428 3977 θάλατταν
1455 3905 1682 3998 ηγοῖτο
1706 3906 2006 3997 ουρανὸν
2030 3896 2233 3977 εἰναι·
2265 3912 2377 3980 διά
2403 3909 2473 3979 δε
2488 3916 2627 3998 βρα-

478 4015 554 4102 1'3'
575 3990 825 4099 δυτῆτά
849 4032 919 4078 τε
945 4006 1059 4076 καὶ
1080 4004 1455 4095 ἀσθένειαν,
1494 4011 1933 4139 μηδεπώποτε
1948 4012 2054 4082 ἐπὶ
2075 4010 2159 4082 τά
2181 4009 2356 4105 ἄκρα
2385 4019 2500 4100 τῆς
2519 4021 2625 4080 θα-

475 4163 478 4167 ⁴
570 4112 811 4204 λάττης
846 4107 1242 4203 ἀφιγμένος,
1281 4062 1528 4202 μηδ-ζ’
1494 4114 1803 4203 εωρακοὶς
1841 4119 1971 4203 εἴη,
2016 4113 2213 4196 έκδύς
2249 4116 2363 4185 καὶ
2405 4110 2621 4184 άνακύ-
