2811 4785
432 378 559 445 ιω
688 350 895 411 ⁴·'
1070 347 1960 454 aNNorArxo

464 508 493 608 ὲ

492 648 535 691 0

350 528 355 533 ’
430 536 621 693 testes
674 510 969 604 videtur.
1054 538 1189 604 Sed
1242 536 1405 603 satis
1469 538 1551 603 de
1613 540 1748 603 hoc
1789 538 2104 625 negotio:
2165 536 2472 605 dicamne
2517 541 2606 606 de

538 625 805 691 dicibus
850 622 1156 698 Graecis.
1216 645 1508 713 quorum
1558 624 1885 690 lectiones
1929 626 2350 713 recensendo
2381 628 2608 693 Phae-
2722 694 2726 703 ,

432 711 599 780 doni
649 708 1101 777 adhibuimus.

606 798 825 883 Atque
882 796 1007 860 hac
1064 792 1235 859 mihi
1296 792 1373 859 in
1432 813 1660 860 caussa
1703 814 1944 860 rursus
1995 790 2443 883 praedicanda
2501 806 2608 859 est

434 882 775 960 eiusdem,
839 879 1137 945 virorum
1167 878 1764 967 praestantissimi,
1825 879 2128 945 Moreuii
2157 899 2309 965 erga
2339 900 2452 945 me
2473 880 2606 943 be·-

436 961 860 1037 nevolentia.
910 962 1025 1029 cui
1068 984 1228 1031 mox
1272 964 1481 1029 debui
1527 962 1918 1031 varietatem
1961 963 2274 1031 lec‘tionis
2305 966 2600 1029 duorum

436 1050 771 1121 Codicum
830 1051 1275 1115 Venetorum:
1341 1050 1426 1113 de
1481 1046 1728 1135 quibus
1785 1054 1951 1115 haec
2006 1051 2090 1114 ad
2145 1072 2258 1115 me
2299 1048 2605 1135 scripsit:

330 1214 335 1223 ι
438 1134 727 1219 „Varias
782 1132 1163 1201 Phaedonis
1220 1136 1568 1201 Lectiones
1623 1154 1705 1199 ex
1735 1136 2018 1201 ‘duobus
2059 1134 2268 1204 codd.
2313 1134 2605 1200 Marcia»

436 1221 547 1303 nis
586 1234 835 1310 sumtas
878 1238 1065 1285 nunc
1104 1214 1347 1285 mittor
1409 1238 1699 1304 quorum
1743 1220 2024 1285 alterum
2067 1218 2257 1285 litera
2299 1222 2353 1283 A
2395 1220 2604 1285 nota-

436 1324 586 1373 tum
632 1326 792 1371 cnm
836 1300 1298 1391 Tubingensi,
1372 1303 1657 1369 alterum
1699 1304 1888 1370 litera
1932 1308 1990 1371 B
2031 1320 2378 1383 notatum,
2441 1324 2601 1370 cum

438 1397 862 1479 Augustano.
906 1411 943 1454 a
985 1386 1295 1455 Fischero
1338 1385 1708 1462 adhibitis..
1741 1387 2132 1476 praesertim
2175 1390 2398 1455 facere
2437 1410 2603 1477 cog-

438 1498 695 1545 nosces.
785 1474 1014 1539 Codex
1068 1471 1255 1559 prior
1296 1471 1371 1537 in
1421 1471 1657 1539 Indice
1700 1472 1874 1563 typis
1917 1474 2100 1539 edito
2141 1486 2288 1539 non
2329 1474 2600 1550 relatus,

442 1582 526 1629 ex
568 1560 984 1627 Bibliotheca
1030 1561 1281 1625 Veneta
1324 1560 1438 1625 SS.
1482 1556 1760 1623 Ioannis
1801 1574 1872 1623 et
1901 1556 2137 1640 Pauli,
2197 1557 2276 1623 in
2303 1559 2602 1626 Marcia-
2635 1586 2644 1641 ς

278 1652 406 1721 106
444 1668 605 1715 nam
631 1662 791 1732 ante
818 1662 1067 1731 paucos
1098 1660 1311 1708 annos
1350 1640 1652 1710 devenit.
1734 1641 2054 1731 Dialogus
2079 1646 2359 1730 xxvia,
2402 1662 2470 1711 et
2507 1643 2604 1711 li-

441 1734 600 1801 bros
656 1737 777 1799 De·
815 1726 1189 1817 Republica
1250 1720 1598 1796 continete
1688 1730 1872 1798 Saec.
1930 1732 2047 1795 ΧΠ
2107 1744 2205 1793 est
2263 1748 2599 1807 exaratusg

442 1822 593 1891 ἰῶτα
630 1834 893 1903 semper
944 1810 1310 1901 adscripto.
1374 1834 1746 1901 numquam
1795 1814 2204 1901 subscriptos
2272 1842 2316 1900 η
2363 1838 2493 1903 pro
2532 1822 2600 1903 β,
2641 1874 2662 1897 ‚

440 1906 500 1991 ‘†
540 1924 663 1993 pro
705 1920 793 1983 ψ,
838 1897 1115 1987 positis=
1158 1895 1442 1965 scholiis
1487 1903 1868 1966 charactere
1909 1898 2278 1965 maiuscnlo
2310 1899 2385 1965 in
2417 1924 2603 1967 mar-

442 1988 603 2081 gine
643 1983 943 2053 adiectis.
1028 1982 1408 2067 Posterior,
1448 1986 1652 2051 Num.
1693 1986 2058 2061 CLXXXVI
2092 1982 2174 2049 in
2197 1984 2432 2052 Indice
2461 1985 2601 2051 im-

492 2094 671 2139 resso
728 2087 1079 2145 enotatas.
1141 2067 1463 2156 Dialogos
1507 2088 1779 2143 omnes,
1835 2068 2129 2156 exceptis
2173 2076 2278 2135 De
2317 2076 2482 2174 Rep.
2529 2085 2602 2137 et

439 2098 553 2227 Ee
600 2155 887 2247 Legibus
930 2156 1167 2235 habet,
1224 2156 1410 2222 Saec.
1453 2156 1567 2220 XV
1609 2161 1939 2235 exaratus,
1992 2176 2150 2220 cum
2191 2154 2517 2229 scholiis.
2559 2176 2602 2221 a

437 2241 831 2313 Bessarione
872 2241 1069 2309 Card.
1108 2238 1609 2326 quodammodo
1656 2238 2054 2315 recensitus.
2101 2254 2170 2304 et
2209 2240 2600 2308 annotatio-

438 2330 644 2396 nibus
693 2327 771 2394 ad
816 2346 1037 2394 rerum
1094 2326 1452 2389 verborum
1501 2344 1590 2388 ue
1630 2321 1963 2391 indicium
2009 2323 2140 2389 sibi
2184 2326 2597 2410 faciendum,

436 2437 646 2483 manu
690 2435 813 2501 pro
863 2411 959 2476 ria
1006 2425 1266 2478 auctus.
1354 2411 1454 2477 Co
1506 2408 1643 2474 ices
1691 2411 1824 2475 duo
1868 2409 1984 2474 alii
2029 2409 2360 2478 Marciani
2409 2414 2597 2480 Sacc.

437 2505 579 2582 XV,
620 2503 802 2566 Phae
856 2518 1057 2562 onem
1100 2493 1492 2562 contineam
1543 2515 1834 2581 quorum
1877 2497 2044 2560 alter
2075 2497 2279 2563 Num.
2301 2501 2456 2562 Dv1
2492 2500 2598 2563 le-

436 2586 739 2662 ctionem
785 2585 1125 2670 vulgatam
1166 2594 1247 2644 ut
1284 2578 1653 2664 plurimum
1697 2581 1916 2648 offerta
1961 2582 2128 2646 alter
2156 2585 2361 2651 Num.
2391 2585 2595 2665 Dxc,

436 2669 802 2738 lectionem
860 2671 1139 2752 praebet
1192 2664 1450 2730 codicis
1506 2663 2084 2740 vindobonensis,
2147 2665 2262 2732 cni
2303 2669 2600 2734 Marcia,-

433 2779 565 2824 nus
628 2763 903 2844 quoque
985 2751 1207 2838 quoad
1286 2747 1620 2851 del-ectum
1690 2748 2132 2838 Dialogorum
2194 2747 2596 2840 'respondete

434 2837 1009 2929 quemadmodum
1080 2857 1164 2902 ex
1236 2836 1539 2901 editione
1610 2833 2123 2906 vindobonensi
2191 2836 2440 2915 Alteri,
2532 2859 2595 2906 ι.

430 2925 1003 2994 MDCCLXXXIV
1044 2934 1326 2987 constat.
1342 2930 1389 2961 ‘⁸
2449 2972 2462 2990 ,

574 3014 921 3095 ,Magnam
966 3019 1172 3092 porro
1216 3003 1570 3091 copiarum
1613 3002 1690 3070 in
1713 3007 1844 3072 hoc
1871 3023 2112 3094 genere
2137 3005 2594 3074 accessionem

430 3095 659 3178 nobis,
704 3092 997 3160 contulit
1050 3087 1337 3178 insignis
1386 3089 1768 3155 hnmanitas
1813 3090 2062 3173 Raetii,
2110 3090 2238 3175 viri
2285 3091 2595 3159 eruditis-

428 3180 588 3250 simi
632 3196 702 3246 et
740 3173 1193 3264 ornatissimi,
1228 3171 1357 3261 ‘qui
1388 3174 1740 3276 Legationi
1783 3174 2211 3244 Serenissimi
2252 3182 2596 3262 Dynastae

430 3258 1189 3334 Hassodarmstadiensis
1242 3261 1323 3324 ab
1376 3275 1584 3333 actis,
1659 3260 1968 3326 Lutetiae
2013 3260 2424 3329 Parisiorum
2467 3265 2594 3330 de·-

430 3351 551 3442 git.
638 3348 769 3415 Hic
830 3343 1015 3410 enim
1090 3365 1301 3431 quum
1368 3343 1672 3432 egregiae
1738 3345 2117 3418 Literarum
2187 3346 2593 3414 Graecarum

428 3426 2593 3588 :Zizffffm212oe33‘ffi‘12031‘2532‘{rfifssffsssstff‘ififflffe'‚32:033

424 3603 763 3672 nissemus
806 3623 965 3667 eum
1008 3600 1238 3688 aliquo
1293 3596 1480 3666 illius
1533 3598 1870 3678 Epistulae
1925 3603 2080 3668 loco
2137 3568 2456 3683 s’cribere,
2518 3625 2590 3669 se

426 3687 651 3757 totum
720 3687 1072 3754 Platonem
1145 3705 1305 3750 cum
1346 3680 1735 3749 ·Codicibus
1794 3685 2064 3790 scriptis
2121 3686 2592 3755 Bibliothecae

343 3779 355 3794 ‘
424 3771 972 3846 vindobonensis
1013 3766 1411 3860 contulisse3
1459 3788 1600 3834 non
1647 3770 2120 3838 dubitavimus·
2150 3775 2234 3837 ab
2277 3793 2360 3838 eo
2403 3785 2588 3860 pete-

421 3883 531 3934 re,
575 3875 657 3925 ut
702 3855 934 3931 nobis,
981 3853 1199 3922 varias
1240 3853 1561 3920 lectiones
1604 3853 1876 3944 Dialogi
1915 3855 2294 3924 Phaedonis
2325 3857 2589 3944 ,imper-

420 3944 602 4012 tiret.
688 3947 928 4028 Neque
978 3960 1153 4005 vana
1195 3959 1342 4025 spes
1386 3955 1610 4004 nostra
1659 3935 1814 4006 fuit.
1902 3945 2070 4007 Nam
2115 3963 2326 4030 quum
2371 3946 2608 4010 Plato:

418 4029 577 4098 nica
633 4023 981 4094 eumalio
1040 4039 1353 4116 apparatu
1411 4045 1536 4091 suo
1590 4021 1892 4091 literario
1949 4026 2390 4094 vindobonae
2428 4029 2588 4094 reli..
2675 4043 2682 4058 ·

328 4131 333 4135 ·
363 4116 708 4206 ··qui'sset,
748 4107 873 4179 uhi
916 4126 1113 4178 antea
1154 4113 1393 4178 eodem
1442 4129 1723 4178 munere
1763 4109 2040 4180 functus
2084 4128 2262 4189 erat,
2305 4133 2386 4182 ea
2417 4133 2586 4190 mox
