2811 4785
524 1031 2001 1191 ,⁰2RAEEQJIQ·

183 1462 312 1574 Et
355 1474 574 1563 subita
613 1476 777 1557 haec
810 1480 1055 1565 editio,
1103 1502 1171 1553 et
1212 1484 1400 1553 brevi
1449 1510 1646 1582 opere
1672 1492 2014 1579 confecta,
2059 1517 2186 1563 nec
2221 1494 2364 1576 nisi!
2453 1542 2462 1551 ·

188 1605 274 1665 ad
325 1597 683 1665 instantem
729 1610 1167 1683 paratumque
1222 1591 1488 1657 scholae
1533 1610 1799 1659 nostrae
1841 1619 2042 1665 usum
2091 1620 2357 1688 compo-

190 1703 353 1779 sita,
399 1700 579 1797 haud
612 1718 769 1761 sane
811 1698 1078 1783 longam
1112 1690 1590 1781 praefationem
1624 1698 1946 1783 postulat,
1993 1718 2174 1767 certe
2217 1724 2358 1767 non

192 1827 379 1877 eam.
450 1790 637 1894 quae
674 1800 779 1863 vel
836 1797 907 1861 in
968 1795 1255 1863 auctoris
1309 1790 1524 1860 laude
1568 1798 2048 1903 praedicanda,
2117 1806 2222 1869 vel
2282 1805 2356 1869 in

194 1901 468 1970 editoris
512 1896 794 1967 consilio
856 1882 1326 1972 excusando.
1345 1894 1794 1986 consumatur.
1881 1902 2128 1991 Ecquis
2173 1906 2356 1973 enim
2407 1897 2414 1912 ¹

174 1992 357 2071 ‘adeo
420 2012 652 2093 expers
710 1999 1146 2067 humanitatis
1208 2014 1336 2075 est.
1431 2019 1508 2063 ut
1563 2000 1828 2088 ignoret
1872 2002 2220 2073 Platonem
2276 2012 2356 2073 ab

178 2102 385 2197 οιιιιιὶ
432 2128 597 2171 aevo
638 2099 1039 2171 celebratum
1088 2123 1225 2167 esse
1268 2100 1407 2166 non
1452 2098 1874 2189 intelligendi
1920 2106 2169 2183 solum,
2239 2112 2358 2175 sed

195 2210 399 2281 etiam
447 2204 747 2285 dicendi,
790 2198 1263 2305 gravissimum
1310 2218 1648 2269 auctorem
1695 2220 1762 2280 et
1804 2204 2237 2295 magistrum,
2282 2210 2355 2277 id

106 2397 109 2400 ι
194 2327 323 2389 est,
370 2310 696 2403 eumdem
728 2326 797 2375 et
840 2288 1303 2398 philosophiae
1349 2322 1415 2371 et
1449 2306 1878 2396 eloquentiae
1921 2304 2356 2408 principem?

78 2438 93 2455 ⁸
197 2433 263 2480 et
308 2413 493 2502 quie,
569 2409 683 2500 qui
731 2415 860 2478 hoc
904 2433 1044 2476 non
1092 2407 1384 2496 ignorat.
1469 2408 1842 2496 dubitabit,
1907 2411 2075 2502 quin
2111 2418 2358 2487 fadole-
2443 2431 2454 2442 ·

142 2542 149 2550 ·
194 2535 455 2582 scentes
498 2509 771 2604 optimis
814 2511 1057 2578 studiis
1104 2507 1452 2590 destinati,
1515 2513 1806 2579 lectione
1851 2515 2018 2580 tanti
2065 2517 2355 2583 auctoris

194 2617 549 2684 imbuendi
593 2617 776 2688 sint3
865 2621 1128 2700 Itaque,
1190 2635 1267 2682 ex
1316 2637 1450 2702 quo
1498 2617 1778 2680 Graecas
1825 2615 2080 2683 Literas
2127 2619 2352 2694 docui,

196 2711 481 2785 subinde
538 2717 706 2784 mihi
775 2710 850 2782 in
904 2715 1147 2783 scholis
1202 2717 1556 2780 Platonem
1615 2715 2096 2805 interpretandi
2159 2741 2358 2808 argu...

196 2830 504 2886 mentum
548 2816 799 2902 sumsi3
866 2819 923 2886 si
968 2817 1237 2906 quidem
1287 2815 1516 2883 idonei
1563 2819 1733 2883 mihi
1779 2821 2202 2910 obtingerent
2244 2804 2376 2889 di-'

196 2922 471 3012 scipuli,
543 2919 696 3020 qui,
758 2920 897 2989 n'on
943 2915 1243 2987 contenti
1288 2921 1682 3008 pervulgato
1730 2943 1806 2988 ac
1850 2921 2099 3010 puerili
2141 2930 2359 2994 Grae...

196 3050 309 3092 cae
355 3025 621 3112 linguae
661 3027 899 3102 modo,
948 3019 1147 3088 altius
1189 3035 1596 3106 spectarent;
1658 3044 1813 3090 cum
1861 3021 2179 3092 orationis
2225 3030 2358 3094 ele.

196 3123 459 3214 gantia,
544 3124 911 3192 disserendi
960 3141 1247 3212 ¹quoque
1310 3101 1733 3209 diligentiam
1792 3143 2355 3212 consectarentur,

168 3231 477 3328 eiusque
506 3233 990 3319 consectandae
1034 3227 1329 3294 laborem
1375 3225 1546 3294 ferre
1590 3246 1900 3316 possent,
1947 3247 2146 3332 atque
2189 3235 2354 3300 adeo

198 3355 313 3420 per
360 3330 746 3399 dialecticae
794 3311 1227 3399 subtilitatem
1272 3334 1357 3396 ad
1402 3331 1661 3398 ethicae
1706 3322 2268 3408 humanitatem,
2291 3349 2358 3398 et

200 3431 657 3522 physiologiae
702 3430 1160 3510 divinitatem,
1216 3429 1718 3522 percipiendam
1766 3434 2167 3500 contendere
2210 3436 2360 3500 vel-

199 3541 360 3600 lent.
450 3533 858 3602 Huiusmodi
922 3529 1286 3622 discipulos
1344 3557 1554 3624 quum
1615 3530 1786 3600 mihi
1845 3554 2064 3624 nuper
2117 3553 2355 3602 nactus

199 3639 493 3712 viderer.
570 3633 890 3755 proposui
948 3635 1080 3700 iis-
1098 3639 1724 3726 interpretationem
1783 3633 2116 3704 Platonici
2172 3635 2353 3705 libri.

200 3743 395 3850 Quod
442 3737 542 3804 illi
588 3736 1009 3830 propositum
1059 3760 1265 3827 quum
1332 3741 1502 3830 grati
1561 3744 1996 3828 iubentesque
2053 3738 2356 3828 accepis-

198 3860 383 3926 sent,
450 3839 607 3910 ecc'e
646 3841 885 3932 copia
905 3847 1363 3933 exemplorum
1410 3842 1652 3908 deerat.
1753 3841 1858 3907 Ibi
1924 3858 2068 3906 tum
2125 3839 2354 3940 statim

203 3943 467 4014 decrevi
513 3969 728 4012 unum
774 3943 1070 4067 aliquem
1113 3945 1457 4064 dialogum
1499 3945 1732 4027 edere,
1785 3940 1928 4010 sive
1971 3962 2094 4034 ego
2138 3941 2390 4031 ipsius,

202 4043 483 4114 numine
544 4047 845 4117 Platonis
910 4046 1312 4126 instinctus,
1400 4043 1548 4114 sive
1617 4045 1864 4115 studiis
1939 4044 2356 4158 optimorum

1823 4168 1856 4212 a
1901 4156 1942 4218 2
2226 4162 2235 4171 '
