2811 4785
421 357 688 458 ’μορ
945 313 952 320 .
1189 361 2008 468 ΠΛΑιΤΩΝοΣ

531 528 877 620 ·τορῦττει.
922 519 1001 598 εὖ
1027 525 1157 617 γὰρ
1187 531 1366 611 ἴσθι,
1412 519 1458 616 ἦ
1487 525 1551 598 δ’
1602 527 1706 611 ὃς,
1752 519 1821 604 635
1850 524 2073 614 ἄριστε
2098 528 2402 614 Κρίτων,
2444 525 2526 604 τὰ
2558 527 2649 614 μὴ

557 639 778 714 καλῶς
804 627 1048 719 λέγειν,
1094 627 1176 697 06
1208 627 1425 717 μόνον
1460 633 1553 710 εἰς
1590 627 1757 702 αὐτὸ
1797 637 1999 700 τοῦτο
2036 629 2445 716 πλημμελὲς,
2481 627 2649 698 ἄλλά

561 737 700 808 καὶ
719 731 930 804 κακόν
968 757 1035 799 τι
1075 731 1331 818 έμποιεῖ
1367 739 1511 812 ταῖς
1546 740 1805 822 ψυχαῖς.
1866 730 2033 801 ἄλλα
2072 734 2353 822 θαρῤεἴν
2392 759 2463 802 τε
2502 732 2650 820 χρὴ,

429 839 682 940 116καὶ
711 833 923 925 φάναι
947 831 1203 922 τούμὸν
1230 840 1422 922 σῶμα
1446 829 1743 918 θάπτειν,
1782 835 1896 904 καὶ
1916 831 2197 904 θάπτειν
2223 832 2438 916 οὕτως
2464 833 2649 916 ὅπως

565 937 652 1012 αν
675 958 782 1010 σοι
802 929 1074 1026 φίλον
1029 965 1107 1027 η,
1149 937 1263 1006 καὶ
1287 936 1585 1024 μάλιστα
1599 935 1729 1026 ἡγῇ
1754 935 2042 1024 νόμιμον
2073 933 2260 1006 εἶναι.

717 1043 833 1128 ξη.
881 1037 1092 1109 Ταῦτ’
1123 1039 1359 1123 είπων,
1405 1038 1651 1120 ἐκεῖνος
1682 1039 1803 1127 μὲν
1836 1038 2146 1132 ἀνίστατο
2182 1043 2272 1119 εἰς
2302 1037 2550 1126 οἴκημά
2586 1065 2650 1109 τι

351 1155 357 1164 ’
472 1184 483 1195 ,
565 1141 659 1225 ὥς
683 1137 1122 1230 λουσόμενος,
1169 1144 1284 1212 καὶ
1318 1139 1358 1213 6
1391 1145 1661 1230 Κρίτων
1691 1146 1909 1214 εἵπετο
1942 1141 2154 1230 αὐτῷ·
2196 1137 2370 1231 ἡμᾶς
2402 1139 2468 1210 δ’
2508 1141 2649 1210 έκέ-

563 1253 712 1316 λευε
740 1244 1128 1331 περιμένειν.
1169 1245 1638 1334 περιεμένομεν
1664 1230 1833 1330 οὖν,
1852 1247 2020 1334 πρὸς
2045 1245 2218 1338 ἡμᾶς
2242 1241 2488 1325 αὐτοὺς
2514 1247 2647 1312 δια-

414 1341 458 1438 ,⁷
563 1346 906 1438 λεγόμενοι
936 1349 1088 1435 περὶ
1128 1355 1267 1418 τῶν
1303 1348 1699 1437 εἰρημένων,
1740 1349 1855 1419 καὶ
1896 1347 2460 1428 άνασκοποῦντες·
2502 1345 2647 1415 τότε

566 1449 632 1522 6'
670 1443 760 1522 αὖ
771 1449 947 1576 ,περὶ
989 1456 1108 1540 τῆς
1148 1459 1497 1540 συμφορᾶς
1538 1450 1915 1538 διεξιόντες,
1970 1450 2122 1543 ὅση·
2114 1449 2303 1540 ιῆμῖν
2334 1456 2649 1572 γεγονυῖα

405 1627 414 1638 ,
557 1556 705 1642 εἴη,
751 1546 1033 1640 ἆτεχνῶς
1061 1552 1457 1644 ἡγούμενοι,
1504 1553 1721 1642 ω’σπερ
1752 1553 2001 1644 πατρός
2030 1551 2476 1644 στερηθέντες,
2514 1549 2649 1620 διά-

478 1669 541 1738 B
572 1661 708 1743 ξειν
755 1656 1049 1748 ὀρφανοὶ
1093 1656 1213 1728 τόν
1250 1656 1467 1726 ἔπειτα
1505 1661 1673 1745 βίον.
1752 1657 1975 1748 ἐπειδη
2025 1657 2096 1729 δὲ
2144 1653 2497 1736 ἐλούσατο,
2542 1655 2652 1722 καὶ

569 1760 818 1852 ἠνέχθη
841 1755 1002 1845 παρ’
1037 1757 1247 1828 αὐτόν
1272 1785 1353 1827 τα
1335 1759 1631 1830 παιδία·
1679 1759 1802 1830 δύο
1830 1759 1959 1849 γάρ
1991 1757 2170 1848 αὐτῷ
2194 1763 2359 1840 υἱεῖς
2388 1758 2653 1844 σμικροὶ

381 1943 386 1950 .
561 1857 773 1954 ἦσαν,
835 1858 926 1941 εἷς
978 1859 1050 1929 δὲ
1106 1859 1335 1950 μέγας·
1393 1861 1509 1930 καὶ
1550 1861 1623 1927 αἱ
1666 1860 1925 1955 οἰκεῖαι·
1951 1871 2258 1952 γυναῖκες
2303 1855 2649 1948 ἀφίκοντο,

325 1969 340 2014 ’·
449 2029 454 2037 .
565 1967 849 2044 ἐκείναις
866 1959 1182 2040 ,ἐναντίον
1223 1967 1346 2030 τοῦ
1381 1963 1727 2048 Κρίτωνος
1768 1967 2129 2051 διαλεχθείς
2160 1989 2227 2031 τε
2247 1963 2361 2032 καὶ
2387 1961 2651 2030 ἐπιστεί-

569 2077 690 2152 λας
731 2061 910 2144 aaa,
925 2061 1252 2152 ἐβούλετο,
1294 2063 1411 2142 τὰς
1452 2061 1575 2151 μὲν
1603 2070 1923 2152 γυναῖκας
1952 2067 2067 2136 καὶ
2096 2065 2179 2134 τά
2217 2066 2451 2134 παιδία
2482 2060 2651 2131 ἀπιέ-

450 2193 548 2260 ,95
574 2197 687 2242 ναι
717 2167 1081 2238 ἐκέλευσεν·
1126 2163 1330 2244 αὐτὸς
1371 2165 1444 2235 δε
1482 2157 1602 2253 ἧκε
1632 2165 1780 2254 παρ’
1808 2165 1999 2256 ἡμᾶς.
2042 2169 2158 2236 καὶ
2189 2159 2275 2254 ἦν
2303 2163 2432 2256 ἤδη
2465 2164 2653 2250 ἐγγύς

568 2273 768 2362 ἡλίου
807 2273 1097 2356 δυσμων.
1143 2267 1390 2356 χρόνον
1419 2267 1546 2356 γάρ
1572 2269 1786 2339 πολύν
1818 2270 2151 2358 διέτριψεν
2182 2269 2395 2339 ἔνδον.
2440 2268 2653 2348 έλθων

577 2373 644 2447 δ’
687 2371 1026 2459 ἐκαθέζετο
1072 2371 1489 2459 λελουμένος·
1534 2374 1646 2442 καὶ
1686 2369 1768 2445 06
1811 2368 2095 2443 πολλοὶ”
2052 2400 2213 2443 αττα
2252 2398 2413 2461 μετα
2450 2378 2655 2441 ταῦτα

575 2477 894 2603 διελέχθη.
936 2476 1050 2544 καὶ
1085 2468 1245 2565 ἦκεν
1275 2474 1314 2545 6
1344 2482 1482 2545 τῶν
1508 2475 1740 2547 ἕνδεκα
1769 2464 2127 2566 ὑπηρέτης·
2168 2476 2282 2545 καὶ
2311 2474 2466 2555 στὰς
2495 2472 2649 2561 παρ’

481 2597 538 2663 c
577 2578 819 2662 αὐτόν,
851 2572 938 2646 Ω
974 2576 1351 2664 Σωκρατες,
1392 2578 1541 2666 ἔφη,
1586 2578 1671 2649 06
1705 2578 2215 2667 καταγνωσομαί
2238 2575 2311 2666 γέ
2341 2594 2466 2647 σου
2496 2574 2653 2663 ὅπερ

407 2685 416 2696 ”
573 2680 794 2755 ἄλλων
834 2678 1342 2769 καταγινώσκω,
1387 2678 1493 2750 ὅτι
1530 2706 1646 2769 μοι
1682 2685 2150 2769 χαλεπαίνουσι
2169 2682 2291 2751 ’καὶ
2326 2686 2657 2767 καταρῶν-

571 2812 703 2868 ται,
721 2781 984 2853 ἐπειδάν
1015 2779 1242 2862 αὐτοῖς
1266 2784 1689 2871 παραγγέλλω
1717 2789 1933 2858 πίνειν
1956 2783 2033 2854 τό
2055 2782 2430 2871 φάρμακον,
2462 2781 2653 2869 ἄναγ-

441 2892 452 2899 “
506 2884 510 2889 ’
569 2872 914 2971 κᾶζόντων
955 2894 1093 2955 τῶν
1122 2884 1481 2978 ἀρχόντων.
1528 2886 1599 2955 σὲ
1643 2884 1709 2957 δ’
1749 2886 1876 2975 ἐγώ
1906 2888 2019 2955 καὶ
2050 2886 2261 2967 ἄλλως
2301 2886 2555 2973 ἔγνωκα
2586 2886 2654 2952 ἐν

574 2990 793 3081 τούτῳ
821 2988 1040 3079 χρόνῳ
1065 2988 1535 3077 γενναιότατον
1564 2992 1674 3067 καὶ
1703 2988 2080 3079 πρᾳότατον
2101 2992 2214 3060 καὶ
2244 2990 2519 3076 αριστον
2542 2986 2654 3057 ἅν-

578 3093 782 3182 δρα”
741 3120 904 3162 οντα
938 3118 1073 3160 των
1099 3116 1364 3161 πωποτε
1397 3097 1595 3181 δεῦρο
1628 3090 2087 3181 ἀφικομένων·
2130 3094 2243 3162 καὶ
2276 3091 2357 3181 δη
2390 3092 2504 3161 καὶ
2529 3098 2656 3160 νῦν

577 3223 656 3269 ευ
629 3182 827 3266 ὀἷδ’
863 3192 966 3264 ὅτι
1007 3192 1132 3262 οὐκ
1175 3172 1347 3281 ἐμοὶ
1358 3200 1793 3283 χαλεπαίνεις,
1836 3188 2179 3283 γινωσκεις
2206 3196 2331 3284 γάρ
2365 3195 2525 3275 τούς
2563 3198 2654 3263 αί-

454 3299 465 3308 ’
577 3304 794 3382 τίους,
841 3294 1004 3367 ἄλλα
1051 3298 1341 3377 ἐκείνοις.
1386 3306 1515 3367 νῦν
1555 3290 1717 3380 οὖν,
1763 3295 1966 3369 οἶσθα
1997 3298 2122 3387 γάρ
2154 3328 2197 3369 α
2233 3292 2449 3390 ἦλθον
2483 3297 2657 3387 ἄγγε-

479 3418 549 3491 D
579 3409 740 3485 λῶν,
781 3398 964 3490 χαῖρέ
992 3424 1060 3466 τε
1086 3401 1198 3467 καὶ
1220 3424 1422 3486 πειρω
1454 3398 1544 3479 ’ως
1573 3402 1796 3493 ῥᾷστα
1808 3401 2033 3489 φέρειν
2055 3426 2139 3471 τα
2169 3398 2513 3489 ἀναγκαῖα.
2551 3403 2663 3469 καὶ

579 3506 715 3595 ἅμα
743 3500 1110 3590 δακρύσας,
1155 3500 1762 3592 μεταστρεφόμενος
1789 3501 1999 3595 ἀπῄει.
2056 3504 2191 3577 Καὶ
2214 3502 2251 3575 ὁ
2278 3502 2657 3591 Σωκράτης,

579 3606 954 3697 ἀναβλέψας
994 3604 1161 3693 πρὸς
1205 3602 1453 3688 αὐτόν,
1502 3608 1637 3675 Καὶ
1688 3606 1806 3691 σύ,
1866 3610 2027 3698 ἔφη,
2070 3616 2283 3695 χαῖρε·
2329 3608 2442 3676 καὶ
2477 3604 2662 3699 ἡμεῖς

580 3716 790 3780 ταῦτα
821 3706 1197 3797 ποιήσομεν.
1287 3708 1418 3776 Καὶ
1454 3736 1587 3797 αμα
1616 3712 1783 3798 πρός
1810 3708 2012 3801 ἡμᾶς,
2047 3708 2161 3789 Ὡς
2192 3707 2469 3791 ἀστεῖος,
2512 3708 2660 3797 ἔφη,

567 3810 624 3896 ,ὁ
647 3810 1059 3904 ανθρωπος·
1127 3814 1242 3889 καὶ
1281 3836 1466 3898 παρα
1508 3812 1723 3889 πάντα
1760 3842 1876 3908 μοι
1918 3812 2037 3885 cdv
2078 3812 2326 3902 χρὸνον
2366 3808 2661 3899 προσῄει,

463 3910 468 3917 ’
575 3910 698 4002 καὶ
731 3913 1044 4003 διελέγετο
1089 3914 1322 3983 ἐνίοτε·
1368 3916 1481 3984 καὶ
1514 3906 1601 4003 ἦν
1642 3914 1909 4007 ἀνδρῶν
1936 3924 2219 4011 λῶστος,
2261 3914 2375 3983 καὶ
2407 3919 2535 3980 νῦν
2573 3939 2663 3992 ως

582 4014 902 4106 γενναίως
932 4041 1013 4104 με
1046 4012 1468 4106 άποδακρύει.
1514 4016 1653 4088 ἀλλ’
1693 4018 1809 4107 α’γε
1841 4019 1956 4109 δη,
2000 4046 2053 4089 ω
2080 4022 2377 4107 Κρίτων,
2420 4006 2660 4085 πειθώ-

583 4128 761 4212 μεθα
789 4114 972 4211 αὐτῷ
986 4170 1006 4205 ,
1051 4122 1162 4190 καὶ
1191 4117 1515 4229 ἐνεγκάτω
1556 4124 1685 4205 τὶς
1679 4122 1756 4194 vd
1790 4114 2177 4215 φάρμακον,
2226 4125 2283 4191 εί
2308 4118 2659 4226 τέτριπται·
